<record><leader>00000cas a2200000 a 4500</leader><controlfield tag="001">11807987</controlfield><controlfield tag="008">850315d19151979ksuwr ne      0   a0eng d</controlfield><datafield ind1=" " ind2=" " tag="010"><subfield code="a">sn 85031037 </subfield></datafield><datafield ind1=" " ind2=" " tag="040"><subfield code="a">KSH</subfield><subfield code="b">eng</subfield><subfield code="c">KSH</subfield><subfield code="d">NPT</subfield><subfield code="d">OCL</subfield><subfield code="d">OCLCQ</subfield></datafield><datafield ind1=" " ind2=" " tag="042"><subfield code="a">msc</subfield></datafield><datafield ind1="0" ind2="4" tag="245"><subfield code="a">The Peabody gazette-herald.</subfield></datafield><datafield ind1=" " ind2=" " tag="260"><subfield code="a">Peabody, Kan. :</subfield><subfield code="b">Oscar S. Stauffer,</subfield><subfield code="c">1915-1979.</subfield></datafield><datafield ind1=" " ind2=" " tag="300"><subfield code="a">61 v. :</subfield><subfield code="b">ill. ;</subfield><subfield code="c">54 cm.</subfield></datafield><datafield ind1=" " ind2=" " tag="310"><subfield code="a">Weekly</subfield></datafield><datafield ind1="0" ind2=" " tag="362"><subfield code="a">Vol. 43, no. 8 (Sept. 9, 1915)-v. 104, no. 52 (May 31, 1979).</subfield></datafield><datafield ind1=" " ind2=" " tag="500"><subfield code="a">Published by O. Jolliffe, Dec. 6, 1923; Mr. &amp; Mrs. William V. Kraus, Oct. 4, 1956-</subfield></datafield><datafield ind1=" " ind2=" " tag="580"><subfield code="a">Merged with: Burns news and Florence bulletin (Florence, Kan. : 1904) to form: Gazette bulletin.</subfield></datafield><datafield ind1=" " ind2=" " tag="752"><subfield code="a">United States</subfield><subfield code="b">Kansas</subfield><subfield code="c">Marion</subfield><subfield code="d">Peabody.</subfield></datafield><datafield ind1="0" ind2="4" tag="780"><subfield code="t">Peabody gazette</subfield><subfield code="w">(DLC)sn 85031035</subfield></datafield><datafield ind1="0" ind2="4" tag="780"><subfield code="t">Peabody herald</subfield><subfield code="w">(DLC)sn 85031036</subfield></datafield><datafield ind1="1" ind2="7" tag="785"><subfield code="t">Burns news</subfield><subfield code="w">(DLC)sn 85030981</subfield></datafield><datafield ind1="1" ind2="7" tag="785"><subfield code="t">Florence bulletin (Florence, Kan. : 1904)</subfield><subfield code="w">(DLC)sn 85030990</subfield></datafield><datafield ind1="1" ind2="7" tag="785"><subfield code="t">Gazette bulletin</subfield><subfield code="w">(DLC)sn 85031038</subfield></datafield></record>